<record><leader>00000cas a22000007a 4500</leader><controlfield tag="001">11055921</controlfield><controlfield tag="008">840815d18721930iauwr ne      0    0eng d</controlfield><datafield ind1=" " ind2=" " tag="010"><subfield code="a">sn 84027353 </subfield></datafield><datafield ind1=" " ind2=" " tag="040"><subfield code="a">NPU</subfield><subfield code="b">eng</subfield><subfield code="c">NPU</subfield><subfield code="d">NPX</subfield><subfield code="d">INP</subfield><subfield code="d">MGN</subfield><subfield code="d">OCLCQ</subfield></datafield><datafield ind1=" " ind2=" " tag="042"><subfield code="a">msc</subfield></datafield><datafield ind1="0" ind2=" " tag="130"><subfield code="a">Parkersburg eclipse (Parkersburg, Iowa : 1872)</subfield></datafield><datafield ind1="1" ind2="4" tag="245"><subfield code="a">The Parkersburg eclipse.</subfield></datafield><datafield ind1="1" ind2="3" tag="246"><subfield code="a">Eclipse</subfield></datafield><datafield ind1=" " ind2=" " tag="260"><subfield code="a">Parkersburg, Butler County, Iowa :</subfield><subfield code="b">Auyer &amp; Edwards,</subfield><subfield code="c">1872-1930.</subfield></datafield><datafield ind1=" " ind2=" " tag="300"><subfield code="a">59 v. :</subfield><subfield code="b">ill.</subfield></datafield><datafield ind1=" " ind2=" " tag="310"><subfield code="a">Weekly</subfield></datafield><datafield ind1="0" ind2=" " tag="362"><subfield code="a">Vol. 1, no. 1 (Aug. 30, 1872)-v. 59, no. 6 (Oct. 2, 1930).</subfield></datafield><datafield ind1=" " ind2=" " tag="500"><subfield code="a">Publisher varies.</subfield></datafield><datafield ind1=" " ind2=" " tag="500"><subfield code="a">Includes weekly section called: New Hartford review, Oct. 2, 1930.</subfield></datafield><datafield ind1=" " ind2=" " tag="500"><subfield code="a">Republican, &lt;1876&gt;.</subfield></datafield><datafield ind1=" " ind2=" " tag="500"><subfield code="a">Editors: Frank L. Dodge &amp; E.E. Savage, &lt;1876&gt;.</subfield></datafield><datafield ind1=" " ind2=" " tag="752"><subfield code="a">United States</subfield><subfield code="b">Iowa</subfield><subfield code="c">Butler</subfield><subfield code="d">Parkersburg.</subfield></datafield><datafield ind1=" " ind2=" " tag="752"><subfield code="a">United States</subfield><subfield code="b">Iowa</subfield><subfield code="c">Butler</subfield><subfield code="d">New Hartford.</subfield></datafield><datafield ind1="0" ind2="5" tag="780"><subfield code="t">New Hartford review</subfield></datafield><datafield ind1="0" ind2="0" tag="785"><subfield code="t">Parkersburg eclipse and the New Hartford review, consolidated (Parkersburg, Iowa : 1930)</subfield><subfield code="w">(DLC)sn 88059222</subfield></datafield><datafield ind1="1" ind2=" " tag="787"><subfield code="t">New Hartford review</subfield></datafield></record>